<record><leader>00000cas a2200000 a 4500</leader><controlfield tag="001">22105144</controlfield><controlfield tag="008">900720d189u1981iluwr ne      0    0eng c</controlfield><datafield ind1=" " ind2=" " tag="010"><subfield code="a">sn 90054995 </subfield></datafield><datafield ind1=" " ind2=" " tag="040"><subfield code="a">NVF</subfield><subfield code="b">eng</subfield><subfield code="c">NVF</subfield><subfield code="d">NVF</subfield><subfield code="d">OCLCF</subfield><subfield code="d">OCLCO</subfield></datafield><datafield ind1="1" ind2=" " tag="029"><subfield code="a">AU@</subfield><subfield code="b">000020596856</subfield></datafield><datafield ind1=" " ind2=" " tag="042"><subfield code="a">pcc</subfield></datafield><datafield ind1=" " ind2=" " tag="043"><subfield code="a">n-us-il</subfield></datafield><datafield ind1="0" ind2="4" tag="245"><subfield code="a">The Bethany echo.</subfield></datafield><datafield ind1=" " ind2=" " tag="260"><subfield code="a">Bethany, Ill. :</subfield><subfield code="b">J.W. McIlwain,</subfield><subfield code="c">[189-?]-1981.</subfield></datafield><datafield ind1=" " ind2=" " tag="300"><subfield code="a">v.</subfield></datafield><datafield ind1=" " ind2=" " tag="310"><subfield code="a">Weekly</subfield></datafield><datafield ind1="0" ind2=" " tag="362"><subfield code="a">-v. 96, no. 21 (May 28, 1981).</subfield></datafield><datafield ind1=" " ind2=" " tag="580"><subfield code="a">Merged with: Sullivan progress, and: Moultrie County news, to form: News progress (Sullivan, Ill.).</subfield></datafield><datafield ind1=" " ind2=" " tag="588"><subfield code="a">Description based on: Vol. 6, no. 33 (Nov. 18, 1898).</subfield></datafield><datafield ind1=" " ind2="0" tag="651"><subfield code="a">Bethany (Ill.)</subfield><subfield code="v">Newspapers.</subfield></datafield><datafield ind1=" " ind2="7" tag="655"><subfield code="a">Newspapers.</subfield><subfield code="2">fast</subfield><subfield code="0">(OCoLC)fst01423814</subfield></datafield><datafield ind1=" " ind2="7" tag="651"><subfield code="a">Illinois</subfield><subfield code="z">Bethany.</subfield><subfield code="2">fast</subfield><subfield code="0">(OCoLC)fst01883804</subfield></datafield><datafield ind1=" " ind2=" " tag="752"><subfield code="a">United States</subfield><subfield code="b">Illinois</subfield><subfield code="c">Moultrie</subfield><subfield code="d">Bethany.</subfield></datafield><datafield ind1="1" ind2="7" tag="785"><subfield code="t">Sullivan progress</subfield><subfield code="w">(DLC)sn 85038356</subfield><subfield code="w">(OCoLC)12310152</subfield></datafield><datafield ind1="1" ind2="7" tag="785"><subfield code="t">Moultrie County news</subfield><subfield code="w">(DLC)sn 87082505</subfield><subfield code="w">(OCoLC)15807696</subfield></datafield><datafield ind1="1" ind2="7" tag="785"><subfield code="t">News progress (Sullivan, Ill.)</subfield><subfield code="w">(DLC)sn 90054999</subfield><subfield code="w">(OCoLC)22105392</subfield></datafield></record>